<record xmlns="http://www.loc.gov/MARC21/slim">
   <leader>01823cam a2200493 i 4500</leader>
   <controlfield tag="001">6815476</controlfield>
   <controlfield tag="003">OCoLC</controlfield>
   <controlfield tag="005">20150220110954.0</controlfield>
   <controlfield tag="008">140923t20152015mou      b    001 e eng  </controlfield>
   <datafield ind1=" " ind2=" " tag="010">
      <subfield code="a">  2014028605</subfield>
   </datafield>
   <datafield ind1=" " ind2=" " tag="020">
      <subfield code="a">9780758648112 (hardcover)</subfield>
   </datafield>
   <datafield ind1=" " ind2=" " tag="020">
      <subfield code="a">0758648111 (hardcover)</subfield>
   </datafield>
   <datafield ind1=" " ind2=" " tag="020">
      <subfield code="z">0758648112</subfield>
   </datafield>
   <datafield ind1=" " ind2=" " tag="035">
      <subfield code="a">ocn889736927</subfield>
   </datafield>
   <datafield ind1=" " ind2=" " tag="040">
      <subfield code="a">DLC</subfield>
      <subfield code="b">eng</subfield>
      <subfield code="e">rda</subfield>
      <subfield code="c">DLC</subfield>
      <subfield code="d">BTCTA</subfield>
      <subfield code="d">UAB</subfield>
      <subfield code="d">AEU</subfield>
   </datafield>
   <datafield ind1="1" ind2=" " tag="041">
      <subfield code="a">eng</subfield>
      <subfield code="h">ger</subfield>
   </datafield>
   <datafield ind1=" " ind2=" " tag="042">
      <subfield code="a">pcc</subfield>
   </datafield>
   <datafield ind1="0" ind2="0" tag="050">
      <subfield code="a">BV4517.5</subfield>
      <subfield code="b">.W3513 2015</subfield>
   </datafield>
   <datafield ind1="0" ind2="0" tag="082">
      <subfield code="a">280/.042</subfield>
      <subfield code="2">23</subfield>
   </datafield>
   <datafield ind1=" " ind2=" " tag="090">
      <subfield code="a">BV 4517.5 W3513 2015</subfield>
      <subfield code="b">AEC</subfield>
   </datafield>
   <datafield ind1=" " ind2=" " tag="090">
      <subfield code="a">BV 4517.5 W3513 2015</subfield>
      <subfield code="b">AECO</subfield>
   </datafield>
   <datafield ind1=" " ind2=" " tag="090">
      <subfield code="a">BV 4517.5 W3513 2015</subfield>
      <subfield code="b">AEU</subfield>
   </datafield>
   <datafield ind1="1" ind2=" " tag="100">
      <subfield code="a">Walther, C. F. W.</subfield>
      <subfield code="q">(Carl Ferdinand Wilhelm),</subfield>
      <subfield code="d">1811-1887,</subfield>
      <subfield code="e">author.</subfield>
   </datafield>
   <datafield ind1="1" ind2="0" tag="240">
      <subfield code="a">Essays.</subfield>
      <subfield code="k">Selections.</subfield>
      <subfield code="l">English</subfield>
   </datafield>
   <datafield ind1="1" ind2="0" tag="245">
      <subfield code="a">Church fellowship /</subfield>
      <subfield code="c">C.F.W. Walther.</subfield>
   </datafield>
   <datafield ind1=" " ind2="1" tag="264">
      <subfield code="a">Saint Louis :</subfield>
      <subfield code="b">Concordia Publishing House,</subfield>
      <subfield code="c">[2015].</subfield>
   </datafield>
   <datafield ind1=" " ind2="4" tag="264">
      <subfield code="c">©2015</subfield>
   </datafield>
   <datafield ind1=" " ind2=" " tag="300">
      <subfield code="a">xii, 417 pages ;</subfield>
      <subfield code="c">24 cm.</subfield>
   </datafield>
   <datafield ind1="1" ind2=" " tag="490">
      <subfield code="a">Walther's works</subfield>
   </datafield>
   <datafield ind1=" " ind2=" " tag="500">
      <subfield code="a">Previously published chiefly from Lehre und Wehre and translated from German.</subfield>
   </datafield>
   <datafield ind1=" " ind2=" " tag="504">
      <subfield code="a">Includes bibliographical references and index.</subfield>
   </datafield>
   <datafield ind1=" " ind2=" " tag="596">
      <subfield code="a">21 34 43</subfield>
   </datafield>
   <datafield ind1="0" ind2="0" tag="630">
      <subfield code="a">Konkordienbuch.</subfield>
   </datafield>
   <datafield ind1=" " ind2="0" tag="650">
      <subfield code="a">Fellowship</subfield>
      <subfield code="x">Religious aspects</subfield>
      <subfield code="x">Christianity.</subfield>
   </datafield>
   <datafield ind1=" " ind2="0" tag="650">
      <subfield code="a">Church.</subfield>
   </datafield>
   <datafield ind1=" " ind2="0" tag="650">
      <subfield code="a">Lord's Supper.</subfield>
   </datafield>
   <datafield ind1=" " ind2="0" tag="650">
      <subfield code="a">Lutheran Church</subfield>
      <subfield code="x">Doctrines.</subfield>
   </datafield>
   <datafield ind1=" " ind2="0" tag="650">
      <subfield code="a">Lutheran Church</subfield>
      <subfield code="x">History.</subfield>
   </datafield>
   <datafield ind1="0" ind2=" " tag="730">
      <subfield code="a">Lehre und Wehre</subfield>
   </datafield>
   <datafield ind1=" " ind2="0" tag="830">
      <subfield code="a">Walther's works.</subfield>
   </datafield>
   <datafield ind1=" " ind2=" " tag="949">
      <subfield code="a">BV 4517.5 W3513 2015</subfield>
      <subfield code="h">UAHS-B</subfield>
      <subfield code="i">0162035250347</subfield>
   </datafield>
   <datafield ind1=" " ind2=" " tag="926">
      <subfield code="a">BV 4517.5 W3513 2015</subfield>
      <subfield code="w">LC</subfield>
      <subfield code="c">1</subfield>
      <subfield code="i">0162035250347</subfield>
      <subfield code="l">ON_SHELF</subfield>
      <subfield code="m">UAHSS</subfield>
      <subfield code="p">$150.00</subfield>
      <subfield code="r">Y</subfield>
      <subfield code="s">Y</subfield>
      <subfield code="t">BOOK</subfield>
      <subfield code="u">3/4/2015</subfield>
   </datafield>
   <datafield ind1=" " ind2=" " tag="926">
      <subfield code="a">BV 4517.5 W3513 2015</subfield>
      <subfield code="w">LC</subfield>
      <subfield code="c">1</subfield>
      <subfield code="i">33333001315262</subfield>
      <subfield code="l">ON_SHELF</subfield>
      <subfield code="m">CONCORDIA</subfield>
      <subfield code="r">Y</subfield>
      <subfield code="s">Y</subfield>
      <subfield code="t">BOOK</subfield>
      <subfield code="u">4/10/2015</subfield>
      <subfield code="o">.STAFF. Donation</subfield>
   </datafield>
   <datafield ind1=" " ind2=" " tag="926">
      <subfield code="a">BV 4517.5 W3513 2015</subfield>
      <subfield code="w">LC</subfield>
      <subfield code="c">1</subfield>
      <subfield code="i">33338000180328</subfield>
      <subfield code="l">ON_SHELF</subfield>
      <subfield code="m">CONCORDSEM</subfield>
      <subfield code="r">Y</subfield>
      <subfield code="s">Y</subfield>
      <subfield code="t">BOOK</subfield>
      <subfield code="u">8/20/2015</subfield>
   </datafield>
</record>
